@book{nonlinear,
  title={Nonlinear Multiobjective Optimization},
  author={Miettinen, K.},
  isbn={9780792382782},
  lccn={98037888},
  series={International Series in Operations Research \& Management Science},
  url={https://books.google.com/books?id=ha\_zLdNtXSMC},
  year={1999},
  publisher={Springer US}
}

@inproceedings{binh1997mobes,
  title={MOBES: A multiobjective evolution strategy for constrained optimization problems},
  author={Binh, To Thanh and Korn, Ulrich},
  booktitle={The Third International Conference on Genetic Algorithms (Mendel 97)},
  volume={25},
  pages={27},
  year={1997}
}

@article{stanimirovic2011linear,
  title={On the linear weighted sum method for multi-objective optimization},
  author={Stanimirovic, Ivan P and Zlatanovic, Milan Lj and Petkovic, Marko D}
}

@article{kim2006adaptive,
  title={Adaptive weighted sum method for multiobjective optimization: a new method for Pareto front generation},
  author={Kim, Il Yong and De Weck, OL},
  journal={Structural and multidisciplinary optimization},
  volume={31},
  number={2},
  pages={105--116},
  year={2006},
  publisher={Springer}
}

@article{jakob2014pareto,
  title={Pareto optimization or cascaded weighted sum: A comparison of concepts},
  author={Jakob, Wilfried and Blume, Christian},
  journal={Algorithms},
  volume={7},
  number={1},
  pages={166--185},
  year={2014},
  publisher={Multidisciplinary Digital Publishing Institute}
}


@article{fonseca1995overview,
  title={An overview of evolutionary algorithms in multiobjective optimization},
  author={Fonseca, Carlos M and Fleming, Peter J},
  journal={Evolutionary computation},
  volume={3},
  number={1},
  pages={1--16},
  year={1995},
  publisher={MIT Press}
}


@book{collette2013multiobjective,
  title={Multiobjective optimization: principles and case studies},
  author={Collette, Yann and Siarry, Patrick},
  year={2013},
  publisher={Springer Science \& Business Media}
}

@article{jaini2017fuzzy,
  title={A Fuzzy Trade-Off Ranking Method for Multi-Criteria Decision-Making},
  author={Jaini, Nor Izzati and Utyuzhnikov, Sergey V},
  journal={Axioms},
  volume={7},
  number={1},
  pages={1},
  year={2017},
  publisher={Multidisciplinary Digital Publishing Institute}
}

@incollection{triantaphyllou2000multi,
  title={Multi-criteria decision making methods},
  author={Triantaphyllou, Evangelos},
  booktitle={Multi-criteria decision making methods: A comparative study},
  pages={5--21},
  year={2000},
  publisher={Springer}
}

@book{lotov2013interactive,
  title={Interactive decision maps: Approximation and visualization of Pareto frontier},
  author={Lotov, Alexander V and Bushenkov, Vladimir A and Kamenev, Georgy K},
  volume={89},
  year={2013},
  publisher={Springer Science \& Business Media}
}

@book{deb2001multi,
  title={Multi-objective optimization using evolutionary algorithms},
  author={Deb, Kalyanmoy},
  volume={16},
  year={2001},
  publisher={John Wiley \& Sons}
}


@article{li2012momcmc,
  title={MOMCMC: An efficient Monte Carlo method for multi-objective sampling over real parameter space},
  author={Li, Yaohang},
  journal={Computers \& Mathematics with Applications},
  volume={64},
  number={11},
  pages={3542--3556},
  year={2012},
  publisher={Elsevier}
}

@book{spall2005introduction,
  title={Introduction to stochastic search and optimization: estimation, simulation, and control},
  author={Spall, James C},
  volume={65},
  year={2005},
  publisher={John Wiley \& Sons}
}


@article{altekar2004parallel,
  title={Parallel metropolis coupled Markov chain Monte Carlo for Bayesian phylogenetic inference},
  author={Altekar, Gautam and Dwarkadas, Sandhya and Huelsenbeck, John P and Ronquist, Fredrik},
  journal={Bioinformatics},
  volume={20},
  number={3},
  pages={407--415},
  year={2004},
  publisher={Oxford University Press}
}

@article{gilks1992adaptive,
  title={Adaptive rejection sampling for Gibbs sampling},
  author={Gilks, Walter R and Wild, Pascal},
  journal={Applied Statistics},
  pages={337--348},
  year={1992},
  publisher={JSTOR}
}

@book{cleverAlgorithms,
  title={Clever algorithms: nature-inspired programming recipes},
  author={Brownlee, Jason},
  year={2011},
  publisher={Jason Brownlee}
}


@article{caflisch1998monte,
  title={Monte carlo and quasi-monte carlo methods},
  author={Caflisch, Russel E},
  journal={Acta numerica},
  volume={7},
  pages={1--49},
  year={1998},
  publisher={Cambridge University Press}
}


@article{cui2017multi,
  title={Multi-objective optimization methods and application in energy saving},
  author={Cui, Yunfei and Geng, Zhiqiang and Zhu, Qunxiong and Han, Yongming},
  journal={Energy},
  volume={125},
  pages={681--704},
  year={2017},
  publisher={Elsevier}
}

@book{michalski2013machine,
  title={Machine learning: An artificial intelligence approach},
  author={Michalski, Ryszard S and Carbonell, Jaime G and Mitchell, Tom M},
  year={2013},
  publisher={Springer Science \& Business Media}
}

@book{koza2006genetic,
  title={Genetic programming IV: Routine human-competitive machine intelligence},
  author={Koza, John R and Keane, Martin A and Streeter, Matthew J and Mydlowec, William and Yu, Jessen and Lanza, Guido},
  volume={5},
  year={2006},
  publisher={Springer Science \& Business Media}
}

@inproceedings{cramer1985representation,
  title={A representation for the adaptive generation of simple sequential programs},
  author={Cramer, Nichael Lynn},
  booktitle={Proceedings of the first international conference on genetic algorithms},
  pages={183--187},
  year={1985}
}

@article{das2011differential,
  title={Differential evolution: A survey of the state-of-the-art},
  author={Das, Swagatam and Suganthan, Ponnuthurai Nagaratnam},
  journal={IEEE transactions on evolutionary computation},
  volume={15},
  number={1},
  pages={4--31},
  year={2011},
  publisher={IEEE}
}

@book{klir1996fuzzy,
  title={Fuzzy sets, fuzzy logic, and fuzzy systems: selected papers by Lotfi A. Zadeh},
  author={Klir, George J and Yuan, Bo},
  year={1996},
  publisher={World Scientific Publishing Co., Inc.}
}


@article{droste2006upper,
  title={Upper and lower bounds for randomized search heuristics in black-box optimization},
  author={Droste, Stefan and Jansen, Thomas and Wegener, Ingo},
  journal={Theory of computing systems},
  volume={39},
  number={4},
  pages={525--544},
  year={2006},
  publisher={Springer}
}


@article{wolpert1997no,
  title={No free lunch theorems for optimization},
  author={Wolpert, David H and Macready, William G},
  journal={IEEE transactions on evolutionary computation},
  volume={1},
  number={1},
  pages={67--82},
  year={1997},
  publisher={IEEE}
}

@book{mitchell1998introduction,
  title={An introduction to genetic algorithms},
  author={Mitchell, Melanie},
  year={1998},
  publisher={MIT press}
}

@phdthesis{ronald1995genetic,
  title={Genetic algorithms and permutation-encoded problems: Diversity preservation and a study of multimodality},
  author={Ronald, SP},
  year={1995}
}

@inproceedings{zhong2005comparison,
  title={Comparison of performance between different selection strategies on simple genetic algorithms},
  author={Zhong, Jinghui and Hu, Xiaomin and Zhang, Jun and Gu, Min},
  booktitle={Computational Intelligence for Modelling, Control and Automation, 2005 and International Conference on Intelligent Agents, Web Technologies and Internet Commerce, International Conference on},
  volume={2},
  pages={1115--1121},
  year={2005},
  organization={IEEE}
}

@article{thevenin2008and,
  title={Optimization and Computational Fluid Dynamics},
  author={Thevenin, Dominique and Janiga, Gabor},
  year={2008},
  publisher={Springer}
}

@book{yager2012introduction,
  title={An introduction to fuzzy logic applications in intelligent systems},
  author={Yager, Ronald R and Zadeh, Lotfi A},
  volume={165},
  year={2012},
  publisher={Springer Science \& Business Media}
}

@book{goldberg2006genetic,
  title={Genetic algorithms},
  author={Goldberg, David E},
  year={2006},
  publisher={Pearson Education India}
}

@article{vose1991punctuated,
  title={Punctuated equilibria in genetic search},
  author={Vose, Michael D and Liepins, Gunar E},
  journal={Complex systems},
  volume={5},
  number={1},
  pages={31--44},
  year={1991}
}

@incollection{whitley1993executable,
  title={An executable model of a simple genetic algorithm},
  author={Whitley, Darrell},
  booktitle={Foundations of genetic algorithms},
  volume={2},
  pages={45--62},
  year={1993},
  publisher={Elsevier}
}

@misc{john1992holland,
  title={Holland, Adaptation in Natural and Artificial Systems: An Introductory Analysis with Applications to Biology, Control and Artificial Intelligence},
  author={John, Holland},
  year={1992},
  publisher={MIT Press, Cambridge, MA}
}

@article{konak2006multi,
  title={Multi-objective optimization using genetic algorithms: A tutorial},
  author={Konak, Abdullah and Coit, David W and Smith, Alice E},
  journal={Reliability Engineering \& System Safety},
  volume={91},
  number={9},
  pages={992--1007},
  year={2006},
  publisher={Elsevier}
}

@article{deb2002fast,
  title={A fast and elitist multiobjective genetic algorithm: NSGA-II},
  author={Deb, Kalyanmoy and Pratap, Amrit and Agarwal, Sameer and Meyarivan, TAMT},
  journal={IEEE transactions on evolutionary computation},
  volume={6},
  number={2},
  pages={182--197},
  year={2002},
  publisher={IEEE}
}

@article{versteeg1995computational,
  title={Computational fluid dynamics},
  author={Versteeg, HK and Malalasekera, W},
  journal={The finite volume method},
  year={1995}
}

@article{whitley1994genetic,
  title={A genetic algorithm tutorial},
  author={Whitley, Darrell},
  journal={Statistics and computing},
  volume={4},
  number={2},
  pages={65--85},
  year={1994},
  publisher={Springer}
}

@inproceedings{djebedjian2004two,
  title={Two-Dimensional Diffuser Shape Optimization},
  author={Djebedjian, Berge},
  booktitle={Proceedings of IMEC2004, International Mechanical Engineering Conference},
  year={2004}
}

@article{schmandt2011diffuser,
  title={Diffuser and nozzle design optimization by entropy generation minimization},
  author={Schmandt, Bastian and Herwig, Heinz},
  journal={Entropy},
  volume={13},
  number={7},
  pages={1380--1402},
  year={2011},
  publisher={Molecular Diversity Preservation International}
}

@article{kapania2008modeling,
  title={Modeling the Fluid Flow around Airfoils Using Conformal Mapping},
  author={Kapania, Nitin R and Terracciano, Katherine and Taylor, Shannon},
  journal={SIAM Undergraduate Research Online},
  volume={1},
  number={2},
  year={2008}
}

@article{zitzler2000comparison,
  title={Comparison of multiobjective evolutionary algorithms: Empirical results},
  author={Zitzler, Eckart and Deb, Kalyanmoy and Thiele, Lothar},
  journal={Evolutionary computation},
  volume={8},
  number={2},
  pages={173--195},
  year={2000},
  publisher={MIT Press}
}

@article{poloni1995hybrid,
  title={Hybrid ga for multi objective aerodynamic shape optimisation},
  author={Poloni, Carlo},
  year={1995},
  publisher={John Wiley \& Sons Ltd}
}

@article{sengupta2010dynamical,
  title={Dynamical system approach to instability of flow past a circular cylinder},
  author={Sengupta, Tapan K and Singh, Neelu and Suman, VK},
  journal={Journal of Fluid Mechanics},
  volume={656},
  pages={82--115},
  year={2010},
  publisher={Cambridge University Press}
}

@article{green2006failure,
  title={The failure of the Tacoma Bridge: A physical model},
  author={Green, Daniel and Unruh, William G},
  journal={American journal of physics},
  volume={74},
  number={8},
  pages={706--716},
  year={2006},
  publisher={AAPT}
}

@article{rashidi2016vortex,
  title={Vortex shedding suppression and wake control: A review},
  author={Rashidi, Saman and Hayatdavoodi, Masoud and Esfahani, Javad Abolfazli},
  journal={Ocean Engineering},
  volume={126},
  pages={57--80},
  year={2016},
  publisher={Elsevier}
}

@book{bissell1992digital,
  title={Digital signal transmission},
  author={Bissell, Chris and Chapman, David},
  year={1992},
  publisher={Cambridge University Press}
}


@inproceedings{chichakly2013improving,
  title={Improving uniformity of solution spacing in biobjective evolution},
  author={Chichakly, Karim J and Eppstein, Margaret J},
  booktitle={Proceedings of the 15th annual conference companion on Genetic and evolutionary computation},
  pages={87--88},
  year={2013},
  organization={ACM}
}

@inproceedings{yuan2014improved,
  title={An improved NSGA-III procedure for evolutionary many-objective optimization},
  author={Yuan, Yuan and Xu, Hua and Wang, Bo},
  booktitle={Proceedings of the 2014 Annual Conference on Genetic and Evolutionary Computation},
  pages={661--668},
  year={2014},
  organization={ACM}
}



%% TODO Large Population or Many Generations for Genetic Algorithms? Implications in Information Retrieval 
%% more information about population size https://pdfs.semanticscholar.org/b2e2/dba23716d8223fa56171334abb95ac6014ad.pdf
